<collection xmlns="http://www.loc.gov/MARC21/slim">
<record>
  <leader>01227nam0a22002651i 450 </leader>
  <controlfield tag="001">IT\ICCU\CNCE\054665</controlfield>
  <controlfield tag="005">20031007000000.0</controlfield>
  <datafield tag="100" ind1=" " ind2=" ">
    <subfield code="a">20031007d1513        0itac0103    ba</subfield>
  </datafield>
  <datafield tag="101" ind1=" " ind2=" ">
    <subfield code="a">LAT</subfield>
  </datafield>
  <datafield tag="102" ind1=" " ind2=" ">
    <subfield code="a">IT</subfield>
  </datafield>
  <datafield tag="200" ind1="1" ind2=" ">
    <subfield code="a">Comicorum elegantissime comoediae Guidone a Iuvenale perquam litterato familiariter explanatae</subfield>
  </datafield>
  <datafield tag="210" ind1=" " ind2=" ">
    <subfield code="e">Impressa Mediolani</subfield>
    <subfield code="g">per Io. Angelum Scinzenzeler</subfield>
    <subfield code="h">1513 die XXI Maii</subfield>
  </datafield>
  <datafield tag="215" ind1=" " ind2=" ">
    <subfield code="a">\6!, 170 c.</subfield>
    <subfield code="d">fol</subfield>
  </datafield>
  <datafield tag="300" ind1=" " ind2=" ">
    <subfield code="a">L&apos;autore si ricava da: L. Balsamo, Giovann&apos; Angelo Scinzenzeler tipografo in Milano, p. 136, n. 110</subfield>
  </datafield>
  <datafield tag="620" ind1=" " ind2=" ">
    <subfield code="a">IT</subfield>
    <subfield code="d">Milano</subfield>
  </datafield>
  <datafield tag="700" ind1=" " ind2="1">
    <subfield code="a">Terentius Afer,</subfield>
    <subfield code="b">Publius</subfield>
    <subfield code="3">IT\ICCU\CNCA\003195</subfield>
  </datafield>
  <datafield tag="702" ind1=" " ind2="1">
    <subfield code="a">Jouennaux,</subfield>
    <subfield code="b">Guy</subfield>
    <subfield code="3">IT\ICCU\CNCA\013327</subfield>
  </datafield>
  <datafield tag="712" ind1="0" ind2="0">
    <subfield code="a">Scinzenzeler, Giovanni Angelo</subfield>
    <subfield code="3">IT\ICCU\CNCT\000084</subfield>
    <subfield code="4">650</subfield>
  </datafield>
  <datafield tag="790" ind1=" " ind2="0">
    <subfield code="a">Terenzio</subfield>
    <subfield code="3">IT\ICCU\CNCA\014983</subfield>
    <subfield code="z">Terentius Afer, Publius</subfield>
  </datafield>
  <datafield tag="790" ind1=" " ind2="1">
    <subfield code="a">Iuvenalis,</subfield>
    <subfield code="b">Guido</subfield>
    <subfield code="3">IT\ICCU\CNCA\017034</subfield>
    <subfield code="z">Jouennaux, Guy</subfield>
  </datafield>
  <datafield tag="790" ind1=" " ind2="1">
    <subfield code="a">Jouanneaux,</subfield>
    <subfield code="b">Guy</subfield>
    <subfield code="3">IT\ICCU\CNCA\019516</subfield>
    <subfield code="z">Jouennaux, Guy</subfield>
  </datafield>
  <datafield tag="790" ind1=" " ind2="1">
    <subfield code="a">Jouenneaux,</subfield>
    <subfield code="b">Guy</subfield>
    <subfield code="3">IT\ICCU\CNCA\019517</subfield>
    <subfield code="z">Jouennaux, Guy</subfield>
  </datafield>
  <datafield tag="790" ind1=" " ind2="0">
    <subfield code="a">Guido</subfield>
    <subfield code="c"> : a Iuvenale</subfield>
    <subfield code="3">IT\ICCU\CNCA\019519</subfield>
    <subfield code="z">Jouennaux, Guy</subfield>
  </datafield>
  <datafield tag="791" ind1="0" ind2="0">
    <subfield code="a">Schinzenzeler, Giovanni Angelo</subfield>
    <subfield code="3">IT\ICCU\CNCT\005621</subfield>
    <subfield code="z">Scinzenzeler, Giovanni Angelo</subfield>
  </datafield>
  <datafield tag="801" ind1=" " ind2="3">
    <subfield code="a">IT</subfield>
    <subfield code="b">ICCU</subfield>
    <subfield code="c">20201115</subfield>
  </datafield>
</record>
</collection>
